<record><leader>00000cas a2200000 a 4500</leader><controlfield tag="001">9485165</controlfield><controlfield tag="008">830506d186u187ualuwr ne      0   a0eng c</controlfield><datafield ind1=" " ind2=" " tag="010"><subfield code="a">sn 85033495 </subfield></datafield><datafield ind1=" " ind2=" " tag="040"><subfield code="a">ANO</subfield><subfield code="b">eng</subfield><subfield code="c">ANO</subfield><subfield code="d">NPX</subfield><subfield code="d">NPU</subfield><subfield code="d">CPN</subfield><subfield code="d">OCL</subfield><subfield code="d">CPN</subfield><subfield code="d">CVF</subfield><subfield code="d">OCL</subfield><subfield code="d">CUI</subfield><subfield code="d">OCLCQ</subfield><subfield code="d">OCLCF</subfield></datafield><datafield ind1=" " ind2=" " tag="012"><subfield code="b">3</subfield></datafield><datafield ind1=" " ind2=" " tag="019"><subfield code="a">12284216</subfield></datafield><datafield ind1="1" ind2=" " tag="029"><subfield code="a">AU@</subfield><subfield code="b">000020234345</subfield></datafield><datafield ind1=" " ind2=" " tag="042"><subfield code="a">pcc</subfield></datafield><datafield ind1=" " ind2=" " tag="043"><subfield code="a">n-us-al</subfield></datafield><datafield ind1=" " ind2="4" tag="050"><subfield code="a">AN</subfield></datafield><datafield ind1="0" ind2="0" tag="245"><subfield code="a">North Alabamian and times.</subfield></datafield><datafield ind1="1" ind2="7" tag="246"><subfield code="a">Alabamian &amp; times</subfield></datafield><datafield ind1=" " ind2=" " tag="260"><subfield code="a">Tuscumbia, Ala. :</subfield><subfield code="b">Shackelford &amp; Sloss</subfield></datafield><datafield ind1=" " ind2=" " tag="300"><subfield code="a">v. ;</subfield><subfield code="c">62 cm.</subfield></datafield><datafield ind1=" " ind2=" " tag="310"><subfield code="a">Weekly</subfield></datafield><datafield ind1=" " ind2=" " tag="515"><subfield code="a">Uses dual numbering system.</subfield></datafield><datafield ind1=" " ind2=" " tag="588"><subfield code="a">Description based on: Tuscumbia times vol. 3, no. 22 (Mar. 31, 1870) = North Alabamian v. 37, no. 26.</subfield></datafield><datafield ind1=" " ind2="0" tag="651"><subfield code="a">Tuscumbia (Ala.)</subfield><subfield code="v">Newspapers.</subfield></datafield><datafield ind1=" " ind2="0" tag="651"><subfield code="a">Colbert County (Ala.)</subfield><subfield code="v">Newspapers.</subfield></datafield><datafield ind1=" " ind2="7" tag="655"><subfield code="a">Newspapers.</subfield><subfield code="2">fast</subfield><subfield code="0">(OCoLC)fst01423814</subfield></datafield><datafield ind1=" " ind2="7" tag="651"><subfield code="a">Alabama</subfield><subfield code="z">Colbert County.</subfield><subfield code="2">fast</subfield><subfield code="0">(OCoLC)fst01212035</subfield></datafield><datafield ind1=" " ind2="7" tag="651"><subfield code="a">Alabama</subfield><subfield code="z">Tuscumbia.</subfield><subfield code="2">fast</subfield><subfield code="0">(OCoLC)fst01216826</subfield></datafield><datafield ind1=" " ind2=" " tag="752"><subfield code="a">United States</subfield><subfield code="b">Alabama</subfield><subfield code="c">Colbert</subfield><subfield code="d">Tuscumbia.</subfield></datafield><datafield ind1="0" ind2="4" tag="780"><subfield code="t">North Alabamian (Tuscumbia, Ala. : 1831)</subfield><subfield code="w">(DLC)sn 83025438</subfield><subfield code="w">(OCoLC)9467477</subfield></datafield><datafield ind1="0" ind2="4" tag="780"><subfield code="t">Tuscumbia times</subfield></datafield><datafield ind1="0" ind2="0" tag="785"><subfield code="t">North Alabamian (Tuscumbia, Ala. : 1875)</subfield><subfield code="w">(DLC)sn 84023612</subfield><subfield code="w">(OCoLC)9485071</subfield></datafield></record>